<?xml version="1.0" encoding="UTF-8"?><collection xmlns="http://www.loc.gov/MARC21/slim"><record><leader>00489nam--2200169-i-4500</leader><controlfield tag="001">000010158</controlfield><controlfield tag="002">20161230</controlfield><controlfield tag="005">20161230201028</controlfield><controlfield tag="008">060222s1000------------r-----000-0-eng-d</controlfield><datafield ind1=" " ind2=" " tag="040"><subfield code="a">IFIN-HH</subfield></datafield><datafield ind1=" " ind2=" " tag="080"><subfield code="a">538.9(038)=002=20=30:801.323.2=20=30</subfield></datafield><datafield ind1="1" ind2=" " tag="100"><subfield code="a">Bindmann, Werner</subfield></datafield><datafield ind1="1" ind2="0" tag="245"><subfield code="a">Feskorperphysik und elektronische technik. englisch-deutsch deutsch-englisch</subfield></datafield><datafield ind1=" " ind2=" " tag="260"><subfield code="a">Berlin</subfield><subfield code="b">Veb Verlag Technik</subfield><subfield code="c">1971</subfield></datafield><datafield ind1=" " ind2=" " tag="300"><subfield code="a">1103 P</subfield></datafield><datafield ind1=" " ind2=" " tag="852"><subfield code="a">D.476</subfield><subfield code="c">SLT</subfield></datafield><datafield ind1=" " ind2=" " tag="CAT"><subfield code="a">Sys</subfield><subfield code="c">20130226</subfield><subfield code="h">162709</subfield></datafield></record></collection>